% This file was created with JabRef 2.7.2.
% Encoding: Cp1252

@BOOK{herold1,
  title = {Elektrische Energieversorgung I},
  publisher = {Schlembach Fachverlag},
  year = {2005},
  author = {Gerhard Herold},
  edition = {2., überarb. und erw. A.}
}

@BOOK{oedingoswald,
  title = {Elektrische Kraftwerke und Netze},
  publisher = {Springer Berlin Heidelberg},
  year = {2011},
  author = {Dietrich Oeding and Bernd Rüdiger Oswald},
  edition = {7. Aufl.}
}

@BOOK{schwab,
  title = {Elektroenergiesysteme: Erzeugung, Transport, Übertragung und Verteilung
	elektrischer Energie},
  publisher = {Springer Berlin Heidelberg},
  year = {2011},
  author = {Adolf J. Schwab},
  edition = {3. Aufl. 2012}
}

@techreport{gruene,
  title = {Numerische Methoden für gewöhnliche Differentialgleichungen (Numerische Mathematik II)},
  institution={Mathematisches Institut, Fakultät für Mathematik und Physik, Universität Bayreuth},
  year = {Sommersemester 2008, 3. Auflage},
  author = {Lars Grüne},
  type = {Vorlesungsskript}
}

@techreport{digit,
  title = {Digitale Regelung},
  institution={Lehrstuhl für Regelungstechnik, Friedrich-Alexander Universität Erlangen-Nürnberg},
  year = {Sommersemester 2013},
  author = {Christian Harkort},
  type = {Vorlesungsskript}	
}

@BOOK{faires,
  title = {Numerische Methoden},
  publisher = {Spektrum Akademischer Verlag Heidelberg, Berlin, Oxford},
  year = {1994},
  author = {J. Douglas Faires and Richard L. Burden}
}

@BOOK{friedrich,
  title = {Numerische Methoden},
  publisher = {De Gruyter, Berlin, New York},
  year = {2010},
  author = {Hermann Friedrich and Frank Pietschmann}
}

@manual{netomac,
  title = {NETOMAC -- Theorie-Buch},
  author = {SIEMENS AG, PTD SE NC5/Ru}
}

@comment{jabref-meta: selector_publisher:}

@comment{jabref-meta: selector_author:}

@comment{jabref-meta: selector_journal:}

@comment{jabref-meta: selector_keywords:}

